@online{LEGO,
    author = {LEGO-Group},
    title = {Building Instructions for Robot Educator},
    year = 2019,
    url = {https://education.lego.com/en-us/support/mindstorms-ev3/building-instructions?fbclid=IwAR2L2TbIbW93HWbv34NpbbeiZq03DsMRMBlJG3yRqeRasNe-l9xnZS0FY6A},
    urldate = {2019-12-14}
}
 
@online{sokoban_wiki,
    author = {},
    title = {Solver},
    year = 2019,
    url = {http://www.sokobano.de/wiki/index.php?title=Solver},
    urldate = {2019-12-14}
}
 
@online{sokoban_solver,
    author = {},
    title = {Sokoban},
    year = 2019,
    url = {https://rosettacode.org/wiki/Sokoban#Python},
    urldate = {2019-12-14}
}

@online{code,
    author = {Nielsen, Mathias Emil and Larsen, Mikkel},
    title = {LEGO sokoban game},
    year = 2019,
    url = {https://github.com/mikkellars/LEGO_Sokoban_game},
    urldate = {2019-12-14}
}

@online{ev3,
    author = {MV-Nordic},
    title = {LEGO® MINDSTORMS®Education EV3 Programmering er fremtidens håndværk},
    year = 2017,
    url = {https://www.mv-nordic.com/wp-content/uploads/2017/11/LEGO-Education-EV3-dk-1.pdf},
    urldate = {2019-12-14}
}

@online{ev3dev_lang_python,
    author = {ev3dev},
    title = {Python language bindings for ev3dev},
    year = 2019,
    url = {https://github.com/ev3dev/ev3dev-lang-python},
    urldate = {2019-12-14}
}

@online{ev3dev_fast_python,
    author = {QuirkyCort},
    title = {Python language bindings for ev3dev},
    year = 2019,
    url = {https://github.com/QuirkyCort/ev3dev-lang-python-fast},
    urldate = {2019-12-14}
}

@online{ev3dev_fast_python_test,
    author = {Yoni Garbourg and Cort},
    title = {ev3fast – A Python module for faster ev3 interface},
    year = 2019,
    url = {https://www.aposteriori.com.sg/ev3fast-a-python-module-for-faster-ev3-interface/},
    urldate = {2019-12-14}
}

@online{nxc,
    author = {John Hansen},
    title = {NXC Programmer's Guide},
    year = 2013,
    url = {http://bricxcc.sourceforge.net/nbc/nxcdoc/nxcapi/index.html},
    urldate = {2019-12-17}
}

@online{potential_divider,
    author = {Wikipedia, the free encyclopedia},
    title = {Voltage divider},
    year = 2019,
    url = {https://en.wikipedia.org/wiki/Voltage_divider},
    urldate = {2019-12-17}
}